%YAML 1.1
%TAG !u! tag:unity3d.com,2011:
--- !u!1001 &100100000
Prefab:
  m_ObjectHideFlags: 1
  serializedVersion: 2
  m_Modification:
    m_TransformParent: {fileID: 0}
    m_Modifications: []
    m_RemovedComponents: []
  m_ParentPrefab: {fileID: 0}
  m_RootGameObject: {fileID: 1594045297185648}
  m_IsPrefabParent: 1
--- !u!1 &1026481102985296
GameObject:
  m_ObjectHideFlags: 1
  m_PrefabParentObject: {fileID: 0}
  m_PrefabInternal: {fileID: 100100000}
  serializedVersion: 5
  m_Component:
  - component: {fileID: 224989240056386870}
  - component: {fileID: 222751164112901116}
  - component: {fileID: 114627321827192758}
  - component: {fileID: 114676633564585876}
  - component: {fileID: 114621758138740780}
  m_Layer: 15
  m_Name: NameText
  m_TagString: Untagged
  m_Icon: {fileID: 0}
  m_NavMeshLayer: 0
  m_StaticEditorFlags: 0
  m_IsActive: 1
--- !u!1 &1182634384113806
GameObject:
  m_ObjectHideFlags: 1
  m_PrefabParentObject: {fileID: 0}
  m_PrefabInternal: {fileID: 100100000}
  serializedVersion: 5
  m_Component:
  - component: {fileID: 224293953963089578}
  - component: {fileID: 222165772082904492}
  - component: {fileID: 114720705727823962}
  - component: {fileID: 114632251122643222}
  - component: {fileID: 114560949911012044}
  m_Layer: 15
  m_Name: HPText
  m_TagString: Untagged
  m_Icon: {fileID: 0}
  m_NavMeshLayer: 0
  m_StaticEditorFlags: 0
  m_IsActive: 1
--- !u!1 &1182902600220264
GameObject:
  m_ObjectHideFlags: 1
  m_PrefabParentObject: {fileID: 0}
  m_PrefabInternal: {fileID: 100100000}
  serializedVersion: 5
  m_Component:
  - component: {fileID: 224687401855550372}
  - component: {fileID: 222074096080253076}
  - component: {fileID: 114290166143892002}
  m_Layer: 15
  m_Name: HPFill
  m_TagString: Untagged
  m_Icon: {fileID: 0}
  m_NavMeshLayer: 0
  m_StaticEditorFlags: 0
  m_IsActive: 1
--- !u!1 &1279684191533024
GameObject:
  m_ObjectHideFlags: 1
  m_PrefabParentObject: {fileID: 0}
  m_PrefabInternal: {fileID: 100100000}
  serializedVersion: 5
  m_Component:
  - component: {fileID: 224603024934658588}
  - component: {fileID: 223643981043784862}
  - component: {fileID: 114152855372446702}
  - component: {fileID: 114960906526048506}
  - component: {fileID: 222812119661927112}
  - component: {fileID: 114779951056713036}
  - component: {fileID: 114947435410964652}
  - component: {fileID: 114626683550137610}
  - component: {fileID: 225578468488793046}
  m_Layer: 15
  m_Name: LifebarCanvas
  m_TagString: Untagged
  m_Icon: {fileID: 0}
  m_NavMeshLayer: 0
  m_StaticEditorFlags: 0
  m_IsActive: 1
--- !u!1 &1457561389482122
GameObject:
  m_ObjectHideFlags: 1
  m_PrefabParentObject: {fileID: 0}
  m_PrefabInternal: {fileID: 100100000}
  serializedVersion: 5
  m_Component:
  - component: {fileID: 224315702278401708}
  - component: {fileID: 222810604764530602}
  - component: {fileID: 114970279482439380}
  m_Layer: 15
  m_Name: EnemyHp
  m_TagString: Untagged
  m_Icon: {fileID: 0}
  m_NavMeshLayer: 0
  m_StaticEditorFlags: 0
  m_IsActive: 1
--- !u!1 &1594045297185648
GameObject:
  m_ObjectHideFlags: 0
  m_PrefabParentObject: {fileID: 0}
  m_PrefabInternal: {fileID: 100100000}
  serializedVersion: 5
  m_Component:
  - component: {fileID: 4979271583559346}
  - component: {fileID: 114746101403185812}
  - component: {fileID: 114341911436909914}
  - component: {fileID: 114891636824398976}
  - component: {fileID: 50099002414733838}
  - component: {fileID: 114518519285676574}
  - component: {fileID: 58614824687711156}
  m_Layer: 15
  m_Name: Tough Cookie
  m_TagString: Enemy
  m_Icon: {fileID: 0}
  m_NavMeshLayer: 0
  m_StaticEditorFlags: 0
  m_IsActive: 1
--- !u!1 &1788536475192942
GameObject:
  m_ObjectHideFlags: 1
  m_PrefabParentObject: {fileID: 0}
  m_PrefabInternal: {fileID: 100100000}
  serializedVersion: 5
  m_Component:
  - component: {fileID: 4277983357377712}
  - component: {fileID: 114312299778398022}
  - component: {fileID: 61488608647210074}
  m_Layer: 15
  m_Name: RootCollider
  m_TagString: Untagged
  m_Icon: {fileID: 2800000, guid: d1de1604dfe4cb64c9d31246a8e43c78, type: 3}
  m_NavMeshLayer: 0
  m_StaticEditorFlags: 0
  m_IsActive: 1
--- !u!1 &1796778515504992
GameObject:
  m_ObjectHideFlags: 1
  m_PrefabParentObject: {fileID: 0}
  m_PrefabInternal: {fileID: 100100000}
  serializedVersion: 5
  m_Component:
  - component: {fileID: 4867286805865696}
  m_Layer: 15
  m_Name: RootPosition
  m_TagString: Untagged
  m_Icon: {fileID: 3936346786652291628, guid: 0000000000000000d000000000000000, type: 0}
  m_NavMeshLayer: 0
  m_StaticEditorFlags: 0
  m_IsActive: 1
--- !u!1 &1947119881707014
GameObject:
  m_ObjectHideFlags: 0
  m_PrefabParentObject: {fileID: 0}
  m_PrefabInternal: {fileID: 100100000}
  serializedVersion: 5
  m_Component:
  - component: {fileID: 4906011169046202}
  - component: {fileID: 33485316714818562}
  - component: {fileID: 23461660336422866}
  - component: {fileID: 114810300109236338}
  - component: {fileID: 114548239440803068}
  - component: {fileID: 114519328879134558}
  m_Layer: 15
  m_Name: Graphics
  m_TagString: Untagged
  m_Icon: {fileID: 0}
  m_NavMeshLayer: 0
  m_StaticEditorFlags: 0
  m_IsActive: 1
--- !u!4 &4277983357377712
Transform:
  m_ObjectHideFlags: 1
  m_PrefabParentObject: {fileID: 0}
  m_PrefabInternal: {fileID: 100100000}
  m_GameObject: {fileID: 1788536475192942}
  m_LocalRotation: {x: -0, y: -0, z: -0, w: 1}
  m_LocalPosition: {x: 0, y: 0, z: 0}
  m_LocalScale: {x: 0.82453847, y: 0.82453847, z: 1.3846154}
  m_Children: []
  m_Father: {fileID: 4906011169046202}
  m_RootOrder: 2
  m_LocalEulerAnglesHint: {x: 0, y: 0, z: 0}
--- !u!4 &4867286805865696
Transform:
  m_ObjectHideFlags: 1
  m_PrefabParentObject: {fileID: 0}
  m_PrefabInternal: {fileID: 100100000}
  m_GameObject: {fileID: 1796778515504992}
  m_LocalRotation: {x: -0, y: -0, z: -0, w: 1}
  m_LocalPosition: {x: 0.32, y: 3.54, z: 0}
  m_LocalScale: {x: 1, y: 1, z: 1}
  m_Children: []
  m_Father: {fileID: 4906011169046202}
  m_RootOrder: 1
  m_LocalEulerAnglesHint: {x: 0, y: 0, z: 0}
--- !u!4 &4906011169046202
Transform:
  m_ObjectHideFlags: 1
  m_PrefabParentObject: {fileID: 0}
  m_PrefabInternal: {fileID: 100100000}
  m_GameObject: {fileID: 1947119881707014}
  m_LocalRotation: {x: 0, y: 0, z: 0, w: 1}
  m_LocalPosition: {x: 0, y: -2, z: 0}
  m_LocalScale: {x: 0.65, y: 0.65, z: 0.65}
  m_Children:
  - {fileID: 224603024934658588}
  - {fileID: 4867286805865696}
  - {fileID: 4277983357377712}
  m_Father: {fileID: 4979271583559346}
  m_RootOrder: 0
  m_LocalEulerAnglesHint: {x: 0, y: 0, z: 0}
--- !u!4 &4979271583559346
Transform:
  m_ObjectHideFlags: 1
  m_PrefabParentObject: {fileID: 0}
  m_PrefabInternal: {fileID: 100100000}
  m_GameObject: {fileID: 1594045297185648}
  m_LocalRotation: {x: -0, y: -0, z: -0, w: 1}
  m_LocalPosition: {x: 99.9, y: 53.65633, z: 0}
  m_LocalScale: {x: 1, y: 1, z: 1}
  m_Children:
  - {fileID: 4906011169046202}
  m_Father: {fileID: 0}
  m_RootOrder: 0
  m_LocalEulerAnglesHint: {x: 0, y: 0, z: 0}
--- !u!23 &23461660336422866
MeshRenderer:
  m_ObjectHideFlags: 1
  m_PrefabParentObject: {fileID: 0}
  m_PrefabInternal: {fileID: 100100000}
  m_GameObject: {fileID: 1947119881707014}
  m_Enabled: 1
  m_CastShadows: 1
  m_ReceiveShadows: 1
  m_MotionVectors: 1
  m_LightProbeUsage: 1
  m_ReflectionProbeUsage: 1
  m_Materials:
  - {fileID: 2100000, guid: 126a797018ce90640a6e5fc28f7bb316, type: 2}
  m_StaticBatchInfo:
    firstSubMesh: 0
    subMeshCount: 0
  m_StaticBatchRoot: {fileID: 0}
  m_ProbeAnchor: {fileID: 0}
  m_LightProbeVolumeOverride: {fileID: 0}
  m_ScaleInLightmap: 1
  m_PreserveUVs: 0
  m_IgnoreNormalsForChartDetection: 0
  m_ImportantGI: 0
  m_SelectedEditorRenderState: 3
  m_MinimumChartSize: 4
  m_AutoUVMaxDistance: 0.5
  m_AutoUVMaxAngle: 89
  m_LightmapParameters: {fileID: 0}
  m_SortingLayerID: -1687704889
  m_SortingOrder: -32767
--- !u!33 &33485316714818562
MeshFilter:
  m_ObjectHideFlags: 1
  m_PrefabParentObject: {fileID: 0}
  m_PrefabInternal: {fileID: 100100000}
  m_GameObject: {fileID: 1947119881707014}
  m_Mesh: {fileID: 0}
--- !u!50 &50099002414733838
Rigidbody2D:
  serializedVersion: 4
  m_ObjectHideFlags: 1
  m_PrefabParentObject: {fileID: 0}
  m_PrefabInternal: {fileID: 100100000}
  m_GameObject: {fileID: 1594045297185648}
  m_BodyType: 0
  m_Simulated: 1
  m_UseFullKinematicContacts: 0
  m_UseAutoMass: 0
  m_Mass: 1
  m_LinearDrag: 0
  m_AngularDrag: 0.05
  m_GravityScale: 0
  m_Material: {fileID: 0}
  m_Interpolate: 0
  m_SleepingMode: 1
  m_CollisionDetection: 0
  m_Constraints: 4
--- !u!58 &58614824687711156
CircleCollider2D:
  m_ObjectHideFlags: 1
  m_PrefabParentObject: {fileID: 0}
  m_PrefabInternal: {fileID: 100100000}
  m_GameObject: {fileID: 1594045297185648}
  m_Enabled: 1
  m_Density: 1
  m_Material: {fileID: 0}
  m_IsTrigger: 0
  m_UsedByEffector: 0
  m_Offset: {x: 0, y: -1.65}
  serializedVersion: 2
  m_Radius: 0.5
--- !u!61 &61488608647210074
BoxCollider2D:
  m_ObjectHideFlags: 1
  m_PrefabParentObject: {fileID: 0}
  m_PrefabInternal: {fileID: 100100000}
  m_GameObject: {fileID: 1788536475192942}
  m_Enabled: 1
  m_Density: 1
  m_Material: {fileID: 0}
  m_IsTrigger: 1
  m_UsedByEffector: 0
  m_Offset: {x: 0, y: 3.5}
  serializedVersion: 2
  m_Size: {x: 4, y: 7}
--- !u!114 &114152855372446702
MonoBehaviour:
  m_ObjectHideFlags: 1
  m_PrefabParentObject: {fileID: 0}
  m_PrefabInternal: {fileID: 100100000}
  m_GameObject: {fileID: 1279684191533024}
  m_Enabled: 1
  m_EditorHideFlags: 0
  m_Script: {fileID: 1980459831, guid: f5f67c52d1564df4a8936ccd202a3bd8, type: 3}
  m_Name: 
  m_EditorClassIdentifier: 
  m_UiScaleMode: 0
  m_ReferencePixelsPerUnit: 100
  m_ScaleFactor: 1
  m_ReferenceResolution: {x: 800, y: 600}
  m_ScreenMatchMode: 0
  m_MatchWidthOrHeight: 0
  m_PhysicalUnit: 3
  m_FallbackScreenDPI: 96
  m_DefaultSpriteDPI: 96
  m_DynamicPixelsPerUnit: 1
--- !u!114 &114290166143892002
MonoBehaviour:
  m_ObjectHideFlags: 1
  m_PrefabParentObject: {fileID: 0}
  m_PrefabInternal: {fileID: 100100000}
  m_GameObject: {fileID: 1182902600220264}
  m_Enabled: 1
  m_EditorHideFlags: 0
  m_Script: {fileID: -765806418, guid: f70555f144d8491a825f0804e09c671c, type: 3}
  m_Name: 
  m_EditorClassIdentifier: 
  m_Material: {fileID: 0}
  m_Color: {r: 1, g: 1, b: 1, a: 1}
  m_RaycastTarget: 1
  m_OnCullStateChanged:
    m_PersistentCalls:
      m_Calls: []
    m_TypeName: UnityEngine.UI.MaskableGraphic+CullStateChangedEvent, UnityEngine.UI,
      Version=1.0.0.0, Culture=neutral, PublicKeyToken=null
  m_Sprite: {fileID: 21300000, guid: 9dcc1bb1e98592d488b3749dbf3c2a51, type: 3}
  m_Type: 3
  m_PreserveAspect: 0
  m_FillCenter: 1
  m_FillMethod: 0
  m_FillAmount: 1
  m_FillClockwise: 1
  m_FillOrigin: 0
--- !u!114 &114312299778398022
MonoBehaviour:
  m_ObjectHideFlags: 1
  m_PrefabParentObject: {fileID: 0}
  m_PrefabInternal: {fileID: 100100000}
  m_GameObject: {fileID: 1788536475192942}
  m_Enabled: 1
  m_EditorHideFlags: 0
  m_Script: {fileID: 11500000, guid: f419daac760c2c441a484d03068c4eef, type: 3}
  m_Name: 
  m_EditorClassIdentifier: 
  enemyNetwork: {fileID: 114341911436909914}
  photonView: {fileID: 114746101403185812}
  myCollider: {fileID: 61488608647210074}
  damageAdjustment: 1
  layerMask:
    serializedVersion: 2
    m_Bits: 32768
--- !u!114 &114341911436909914
MonoBehaviour:
  m_ObjectHideFlags: 1
  m_PrefabParentObject: {fileID: 0}
  m_PrefabInternal: {fileID: 100100000}
  m_GameObject: {fileID: 1594045297185648}
  m_Enabled: 1
  m_EditorHideFlags: 0
  m_Script: {fileID: 11500000, guid: 10382012921e3344d870e87333b44b56, type: 3}
  m_Name: 
  m_EditorClassIdentifier: 
  hitRange: 9
  fightAtADistance: 0
  walkSpeed: 1.6
  isBreakableObject: 0
  isExplosive: 0
  explosiveDamage: 500
  isHelperEnemy: 0
  includeBackPedal: 1
  isFairy: 0
  backpedalPercentChance: 1
  backPedalSpeed: 2.5
  isBackPedaling: 0
  skillAOEPercent: 1.5
  skillAOERange: 4
  skillAOEAnimationName: Attack4
  useSkillAOE: 0
  m_AOEAnimator: {fileID: 0}
  rootCollider: {fileID: 0}
  skillAOEOnHitParticleName: None
  deathParticleName: None
  bigSoulMin: 0
  bigSoulMax: 0
  bigSoulValue: 0
  medSoulMin: 0
  medSoulMax: 1
  medSoulValue: 2
  smallSoulMin: 1
  smallSoulMax: 3
  smallSoulValue: 1
  itemDrops:
  - itemType: 0
    id: 0
    chances: 0.16
  targetOffset: {x: 0, y: 0, z: 0}
  expGiven: 11
  lastAttackerID: 0
  rb: {fileID: 0}
  lastAttacker: {fileID: 0}
  currentTarget: {fileID: 0}
  fairyTarget: {fileID: 0}
  deathType: BoneSplash
  enemyType: 0
  isAOE: 0
  baseEntityStat:
    isRanged: 0
    range: 0
    atkMin: 33
    atkMax: 38
    atkPerc: 0
    defPerc: 0
    atkCooldown: 3.4
    defMin: 0
    defMax: 0
    crit: 15
    critPower: 1.1
    hp: 50
    hpMax: 50
    hpPerc: 0
    xp: 0
    xpMax: 0
    xpLevel: 0
    regen: 0
    walkSpeed: 0
    knockbackPower: 0
  currentEntityStat:
    isRanged: 0
    range: 0
    atkMin: 0
    atkMax: 0
    atkPerc: 0
    defPerc: 0
    atkCooldown: 0
    defMin: 0
    defMax: 0
    crit: 0
    critPower: 0
    hp: 0
    hpMax: 0
    hpPerc: 0
    xp: 0
    xpMax: 0
    xpLevel: 0
    regen: 0
    walkSpeed: 0
    knockbackPower: 0
  lifebarCanvas: {fileID: 114779951056713036}
  enemyAnimation: {fileID: 114548239440803068}
  attackTimer: 99
  rootPosition: {fileID: 1796778515504992}
  enemyAttackSound: bow
  enemyDeathSound: bonebreak
  enemyEntranceSound: 
  maxSize: 1.05
  minSize: 0.99
  wayPoint: {x: 0, y: 0, z: 0}
  facing: 1
  isDying: 0
--- !u!114 &114518519285676574
MonoBehaviour:
  m_ObjectHideFlags: 1
  m_PrefabParentObject: {fileID: 0}
  m_PrefabInternal: {fileID: 100100000}
  m_GameObject: {fileID: 1594045297185648}
  m_Enabled: 1
  m_EditorHideFlags: 0
  m_Script: {fileID: 11500000, guid: 2458b3e4a6fd7214698c6979d637f9e2, type: 3}
  m_Name: 
  m_EditorClassIdentifier: 
  m_PositionModel:
    SynchronizeEnabled: 1
    TeleportEnabled: 1
    TeleportIfDistanceGreaterThan: 3
    InterpolateOption: 4
    InterpolateMoveTowardsSpeed: 1
    InterpolateLerpSpeed: 3
    InterpolateMoveTowardsAcceleration: 2
    InterpolateMoveTowardsDeceleration: 2
    InterpolateSpeedCurve:
      serializedVersion: 2
      m_Curve:
      - serializedVersion: 2
        time: -1
        value: 0
        inSlope: 0
        outSlope: Infinity
        tangentMode: 0
      - serializedVersion: 2
        time: 0
        value: 1
        inSlope: 0
        outSlope: 0
        tangentMode: 0
      - serializedVersion: 2
        time: 1
        value: 1
        inSlope: 0
        outSlope: 1
        tangentMode: 0
      - serializedVersion: 2
        time: 4
        value: 4
        inSlope: 1
        outSlope: 0
        tangentMode: 0
      m_PreInfinity: 2
      m_PostInfinity: 2
      m_RotationOrder: 4
    ExtrapolateOption: 0
    ExtrapolateSpeed: 1
    ExtrapolateIncludingRoundTripTime: 1
    ExtrapolateNumberOfStoredPositions: 1
    DrawErrorGizmo: 1
  m_RotationModel:
    SynchronizeEnabled: 0
    InterpolateOption: 1
    InterpolateRotateTowardsSpeed: 180
    InterpolateLerpSpeed: 5
  m_ScaleModel:
    SynchronizeEnabled: 0
    InterpolateOption: 0
    InterpolateMoveTowardsSpeed: 1
    InterpolateLerpSpeed: 0
--- !u!114 &114519328879134558
MonoBehaviour:
  m_ObjectHideFlags: 1
  m_PrefabParentObject: {fileID: 0}
  m_PrefabInternal: {fileID: 100100000}
  m_GameObject: {fileID: 1947119881707014}
  m_Enabled: 1
  m_EditorHideFlags: 0
  m_Script: {fileID: 11500000, guid: 7f726fb798ad621458c431cb9966d91d, type: 3}
  m_Name: 
  m_EditorClassIdentifier: 
  boneRoot: {fileID: 0}
  skeletonRenderer: {fileID: 114810300109236338}
--- !u!114 &114548239440803068
MonoBehaviour:
  m_ObjectHideFlags: 1
  m_PrefabParentObject: {fileID: 0}
  m_PrefabInternal: {fileID: 100100000}
  m_GameObject: {fileID: 1947119881707014}
  m_Enabled: 1
  m_EditorHideFlags: 0
  m_Script: {fileID: 11500000, guid: 0d2f6a976534e06419d207ac75947025, type: 3}
  m_Name: 
  m_EditorClassIdentifier: 
  skeletonAnimation: {fileID: 0}
  currentAnimation: 
  maxAttacks: 0
  areaDamageType: 0
--- !u!114 &114560949911012044
MonoBehaviour:
  m_ObjectHideFlags: 1
  m_PrefabParentObject: {fileID: 0}
  m_PrefabInternal: {fileID: 100100000}
  m_GameObject: {fileID: 1182634384113806}
  m_Enabled: 1
  m_EditorHideFlags: 0
  m_Script: {fileID: -900027084, guid: f70555f144d8491a825f0804e09c671c, type: 3}
  m_Name: 
  m_EditorClassIdentifier: 
  m_EffectColor: {r: 0, g: 0, b: 0, a: 0.191}
  m_EffectDistance: {x: 1, y: -1}
  m_UseGraphicAlpha: 1
--- !u!114 &114621758138740780
MonoBehaviour:
  m_ObjectHideFlags: 1
  m_PrefabParentObject: {fileID: 0}
  m_PrefabInternal: {fileID: 100100000}
  m_GameObject: {fileID: 1026481102985296}
  m_Enabled: 1
  m_EditorHideFlags: 0
  m_Script: {fileID: -900027084, guid: f70555f144d8491a825f0804e09c671c, type: 3}
  m_Name: 
  m_EditorClassIdentifier: 
  m_EffectColor: {r: 0, g: 0, b: 0, a: 0.191}
  m_EffectDistance: {x: 1, y: -1}
  m_UseGraphicAlpha: 1
--- !u!114 &114626683550137610
MonoBehaviour:
  m_ObjectHideFlags: 1
  m_PrefabParentObject: {fileID: 0}
  m_PrefabInternal: {fileID: 100100000}
  m_GameObject: {fileID: 1279684191533024}
  m_Enabled: 1
  m_EditorHideFlags: 0
  m_Script: {fileID: 11500000, guid: 2458b3e4a6fd7214698c6979d637f9e2, type: 3}
  m_Name: 
  m_EditorClassIdentifier: 
  m_PositionModel:
    SynchronizeEnabled: 1
    TeleportEnabled: 1
    TeleportIfDistanceGreaterThan: 3
    InterpolateOption: 2
    InterpolateMoveTowardsSpeed: 1
    InterpolateLerpSpeed: 1
    InterpolateMoveTowardsAcceleration: 2
    InterpolateMoveTowardsDeceleration: 2
    InterpolateSpeedCurve:
      serializedVersion: 2
      m_Curve:
      - serializedVersion: 2
        time: -1
        value: 0
        inSlope: 0
        outSlope: Infinity
        tangentMode: 0
      - serializedVersion: 2
        time: 0
        value: 1
        inSlope: 0
        outSlope: 0
        tangentMode: 0
      - serializedVersion: 2
        time: 1
        value: 1
        inSlope: 0
        outSlope: 1
        tangentMode: 0
      - serializedVersion: 2
        time: 4
        value: 4
        inSlope: 1
        outSlope: 0
        tangentMode: 0
      m_PreInfinity: 2
      m_PostInfinity: 2
      m_RotationOrder: 4
    ExtrapolateOption: 0
    ExtrapolateSpeed: 1
    ExtrapolateIncludingRoundTripTime: 1
    ExtrapolateNumberOfStoredPositions: 1
    DrawErrorGizmo: 1
  m_RotationModel:
    SynchronizeEnabled: 0
    InterpolateOption: 1
    InterpolateRotateTowardsSpeed: 180
    InterpolateLerpSpeed: 5
  m_ScaleModel:
    SynchronizeEnabled: 0
    InterpolateOption: 0
    InterpolateMoveTowardsSpeed: 1
    InterpolateLerpSpeed: 0
--- !u!114 &114627321827192758
MonoBehaviour:
  m_ObjectHideFlags: 1
  m_PrefabParentObject: {fileID: 0}
  m_PrefabInternal: {fileID: 100100000}
  m_GameObject: {fileID: 1026481102985296}
  m_Enabled: 1
  m_EditorHideFlags: 0
  m_Script: {fileID: 708705254, guid: f5f67c52d1564df4a8936ccd202a3bd8, type: 3}
  m_Name: 
  m_EditorClassIdentifier: 
  m_Material: {fileID: 0}
  m_Color: {r: 1, g: 1, b: 1, a: 1}
  m_RaycastTarget: 1
  m_OnCullStateChanged:
    m_PersistentCalls:
      m_Calls: []
    m_TypeName: UnityEngine.UI.MaskableGraphic+CullStateChangedEvent, UnityEngine.UI,
      Version=1.0.0.0, Culture=neutral, PublicKeyToken=null
  m_FontData:
    m_Font: {fileID: 12800000, guid: 0071a6aaa736c1040b63a45a10ec2085, type: 3}
    m_FontSize: 25
    m_FontStyle: 0
    m_BestFit: 1
    m_MinSize: 10
    m_MaxSize: 81
    m_Alignment: 7
    m_AlignByGeometry: 0
    m_RichText: 1
    m_HorizontalOverflow: 0
    m_VerticalOverflow: 0
    m_LineSpacing: 1
  m_Text: Tough Cookie
--- !u!114 &114632251122643222
MonoBehaviour:
  m_ObjectHideFlags: 1
  m_PrefabParentObject: {fileID: 0}
  m_PrefabInternal: {fileID: 100100000}
  m_GameObject: {fileID: 1182634384113806}
  m_Enabled: 1
  m_EditorHideFlags: 0
  m_Script: {fileID: 1573420865, guid: f70555f144d8491a825f0804e09c671c, type: 3}
  m_Name: 
  m_EditorClassIdentifier: 
  m_EffectColor: {r: 0, g: 0, b: 0, a: 0.5}
  m_EffectDistance: {x: 1, y: -1}
  m_UseGraphicAlpha: 1
--- !u!114 &114676633564585876
MonoBehaviour:
  m_ObjectHideFlags: 1
  m_PrefabParentObject: {fileID: 0}
  m_PrefabInternal: {fileID: 100100000}
  m_GameObject: {fileID: 1026481102985296}
  m_Enabled: 1
  m_EditorHideFlags: 0
  m_Script: {fileID: 1573420865, guid: f70555f144d8491a825f0804e09c671c, type: 3}
  m_Name: 
  m_EditorClassIdentifier: 
  m_EffectColor: {r: 0, g: 0, b: 0, a: 0.5}
  m_EffectDistance: {x: 1, y: -1}
  m_UseGraphicAlpha: 1
--- !u!114 &114720705727823962
MonoBehaviour:
  m_ObjectHideFlags: 1
  m_PrefabParentObject: {fileID: 0}
  m_PrefabInternal: {fileID: 100100000}
  m_GameObject: {fileID: 1182634384113806}
  m_Enabled: 1
  m_EditorHideFlags: 0
  m_Script: {fileID: 708705254, guid: f5f67c52d1564df4a8936ccd202a3bd8, type: 3}
  m_Name: 
  m_EditorClassIdentifier: 
  m_Material: {fileID: 0}
  m_Color: {r: 1, g: 0.8482758, b: 0, a: 1}
  m_RaycastTarget: 1
  m_OnCullStateChanged:
    m_PersistentCalls:
      m_Calls: []
    m_TypeName: UnityEngine.UI.MaskableGraphic+CullStateChangedEvent, UnityEngine.UI,
      Version=1.0.0.0, Culture=neutral, PublicKeyToken=null
  m_FontData:
    m_Font: {fileID: 12800000, guid: 0071a6aaa736c1040b63a45a10ec2085, type: 3}
    m_FontSize: 24
    m_FontStyle: 0
    m_BestFit: 1
    m_MinSize: 2
    m_MaxSize: 24
    m_Alignment: 7
    m_AlignByGeometry: 0
    m_RichText: 1
    m_HorizontalOverflow: 0
    m_VerticalOverflow: 0
    m_LineSpacing: 1
  m_Text: 100/100
--- !u!114 &114746101403185812
MonoBehaviour:
  m_ObjectHideFlags: 1
  m_PrefabParentObject: {fileID: 0}
  m_PrefabInternal: {fileID: 100100000}
  m_GameObject: {fileID: 1594045297185648}
  m_Enabled: 1
  m_EditorHideFlags: 0
  m_Script: {fileID: 11500000, guid: aa584fbee541324448dd18d8409c7a41, type: 3}
  m_Name: 
  m_EditorClassIdentifier: 
  ownerId: 0
  group: 0
  OwnerShipWasTransfered: 0
  prefixBackup: -1
  observed: {fileID: 0}
  synchronization: 2
  onSerializeTransformOption: 3
  onSerializeRigidBodyOption: 2
  ownershipTransfer: 0
  ObservedComponents:
  - {fileID: 114341911436909914}
  - {fileID: 114518519285676574}
  ObservedComponentsFoldoutOpen: 1
  viewIdField: 0
  instantiationId: -1
  isRuntimeInstantiated: 0
--- !u!114 &114779951056713036
MonoBehaviour:
  m_ObjectHideFlags: 1
  m_PrefabParentObject: {fileID: 0}
  m_PrefabInternal: {fileID: 100100000}
  m_GameObject: {fileID: 1279684191533024}
  m_Enabled: 1
  m_EditorHideFlags: 0
  m_Script: {fileID: 11500000, guid: 83c89494ffb16e74683667ad327ca1c2, type: 3}
  m_Name: 
  m_EditorClassIdentifier: 
  lifeBarVisible: 1
  cg: {fileID: 225578468488793046}
  HPFillImage: {fileID: 114290166143892002}
  hpText: {fileID: 114720705727823962}
--- !u!114 &114810300109236338
MonoBehaviour:
  m_ObjectHideFlags: 1
  m_PrefabParentObject: {fileID: 0}
  m_PrefabInternal: {fileID: 100100000}
  m_GameObject: {fileID: 1947119881707014}
  m_Enabled: 1
  m_EditorHideFlags: 0
  m_Script: {fileID: 11500000, guid: d247ba06193faa74d9335f5481b2b56c, type: 3}
  m_Name: 
  m_EditorClassIdentifier: 
  skeletonDataAsset: {fileID: 11400000, guid: 1167ff95e6a64a24fa652999fc773f96, type: 2}
  initialSkinName: default
  calculateNormals: 0
  calculateTangents: 0
  zSpacing: 0
  renderMeshes: 1
  immutableTriangles: 0
  frontFacing: 0
  logErrors: 0
  submeshSeparators: []
  timeScale: 1
  loop: 1
  _animationName: Run
--- !u!114 &114891636824398976
MonoBehaviour:
  m_ObjectHideFlags: 1
  m_PrefabParentObject: {fileID: 0}
  m_PrefabInternal: {fileID: 100100000}
  m_GameObject: {fileID: 1594045297185648}
  m_Enabled: 1
  m_EditorHideFlags: 0
  m_Script: {fileID: 11500000, guid: 15f7cfd7f4214794a81c7c0d24766eaf, type: 3}
  m_Name: 
  m_EditorClassIdentifier: 
  SorterAxis: 1
  SorterPositionOffset: {x: 0, y: 0, z: 0}
  IncludeInactiveRenderer: 1
--- !u!114 &114947435410964652
MonoBehaviour:
  m_ObjectHideFlags: 1
  m_PrefabParentObject: {fileID: 0}
  m_PrefabInternal: {fileID: 100100000}
  m_GameObject: {fileID: 1279684191533024}
  m_Enabled: 1
  m_EditorHideFlags: 0
  m_Script: {fileID: 11500000, guid: aa584fbee541324448dd18d8409c7a41, type: 3}
  m_Name: 
  m_EditorClassIdentifier: 
  ownerId: 0
  group: 0
  OwnerShipWasTransfered: 0
  prefixBackup: -1
  observed: {fileID: 0}
  synchronization: 3
  onSerializeTransformOption: 3
  onSerializeRigidBodyOption: 2
  ownershipTransfer: 0
  ObservedComponents:
  - {fileID: 224603024934658588}
  ObservedComponentsFoldoutOpen: 1
  viewIdField: 0
  instantiationId: -1
  isRuntimeInstantiated: 0
--- !u!114 &114960906526048506
MonoBehaviour:
  m_ObjectHideFlags: 1
  m_PrefabParentObject: {fileID: 0}
  m_PrefabInternal: {fileID: 100100000}
  m_GameObject: {fileID: 1279684191533024}
  m_Enabled: 1
  m_EditorHideFlags: 0
  m_Script: {fileID: 1301386320, guid: f5f67c52d1564df4a8936ccd202a3bd8, type: 3}
  m_Name: 
  m_EditorClassIdentifier: 
  m_IgnoreReversedGraphics: 1
  m_BlockingObjects: 0
  m_BlockingMask:
    serializedVersion: 2
    m_Bits: 4294967295
--- !u!114 &114970279482439380
MonoBehaviour:
  m_ObjectHideFlags: 1
  m_PrefabParentObject: {fileID: 0}
  m_PrefabInternal: {fileID: 100100000}
  m_GameObject: {fileID: 1457561389482122}
  m_Enabled: 1
  m_EditorHideFlags: 0
  m_Script: {fileID: -765806418, guid: f70555f144d8491a825f0804e09c671c, type: 3}
  m_Name: 
  m_EditorClassIdentifier: 
  m_Material: {fileID: 0}
  m_Color: {r: 1, g: 1, b: 1, a: 0.54901963}
  m_RaycastTarget: 1
  m_OnCullStateChanged:
    m_PersistentCalls:
      m_Calls: []
    m_TypeName: UnityEngine.UI.MaskableGraphic+CullStateChangedEvent, UnityEngine.UI,
      Version=1.0.0.0, Culture=neutral, PublicKeyToken=null
  m_Sprite: {fileID: 21300000, guid: 0fbfd622d06ee4446a595d96a217313f, type: 3}
  m_Type: 0
  m_PreserveAspect: 0
  m_FillCenter: 1
  m_FillMethod: 0
  m_FillAmount: 1
  m_FillClockwise: 1
  m_FillOrigin: 0
--- !u!222 &222074096080253076
CanvasRenderer:
  m_ObjectHideFlags: 1
  m_PrefabParentObject: {fileID: 0}
  m_PrefabInternal: {fileID: 100100000}
  m_GameObject: {fileID: 1182902600220264}
--- !u!222 &222165772082904492
CanvasRenderer:
  m_ObjectHideFlags: 1
  m_PrefabParentObject: {fileID: 0}
  m_PrefabInternal: {fileID: 100100000}
  m_GameObject: {fileID: 1182634384113806}
--- !u!222 &222751164112901116
CanvasRenderer:
  m_ObjectHideFlags: 1
  m_PrefabParentObject: {fileID: 0}
  m_PrefabInternal: {fileID: 100100000}
  m_GameObject: {fileID: 1026481102985296}
--- !u!222 &222810604764530602
CanvasRenderer:
  m_ObjectHideFlags: 1
  m_PrefabParentObject: {fileID: 0}
  m_PrefabInternal: {fileID: 100100000}
  m_GameObject: {fileID: 1457561389482122}
--- !u!222 &222812119661927112
CanvasRenderer:
  m_ObjectHideFlags: 1
  m_PrefabParentObject: {fileID: 0}
  m_PrefabInternal: {fileID: 100100000}
  m_GameObject: {fileID: 1279684191533024}
--- !u!223 &223643981043784862
Canvas:
  m_ObjectHideFlags: 1
  m_PrefabParentObject: {fileID: 0}
  m_PrefabInternal: {fileID: 100100000}
  m_GameObject: {fileID: 1279684191533024}
  m_Enabled: 1
  serializedVersion: 2
  m_RenderMode: 2
  m_Camera: {fileID: 0}
  m_PlaneDistance: 100
  m_PixelPerfect: 0
  m_ReceivesEvents: 1
  m_OverrideSorting: 0
  m_OverridePixelPerfect: 0
  m_SortingBucketNormalizedSize: 0
  m_SortingLayerID: -1687704889
  m_SortingOrder: 999
  m_TargetDisplay: 0
--- !u!224 &224293953963089578
RectTransform:
  m_ObjectHideFlags: 1
  m_PrefabParentObject: {fileID: 0}
  m_PrefabInternal: {fileID: 100100000}
  m_GameObject: {fileID: 1182634384113806}
  m_LocalRotation: {x: -4.855414e-15, y: -3.5527137e-15, z: 0.000000029802319, w: 1}
  m_LocalPosition: {x: 0, y: 0, z: 0}
  m_LocalScale: {x: 2, y: 2, z: 2}
  m_Children: []
  m_Father: {fileID: 224603024934658588}
  m_RootOrder: 2
  m_LocalEulerAnglesHint: {x: 0, y: 0, z: 0}
  m_AnchorMin: {x: 1, y: 1}
  m_AnchorMax: {x: 1, y: 1}
  m_AnchoredPosition: {x: -163, y: -37}
  m_SizeDelta: {x: 400, y: 32.6}
  m_Pivot: {x: 0.5, y: 0.5}
--- !u!224 &224315702278401708
RectTransform:
  m_ObjectHideFlags: 1
  m_PrefabParentObject: {fileID: 0}
  m_PrefabInternal: {fileID: 100100000}
  m_GameObject: {fileID: 1457561389482122}
  m_LocalRotation: {x: 4.855414e-15, y: 3.5527137e-15, z: 0.000000029802319, w: 1}
  m_LocalPosition: {x: 0, y: 0, z: 0}
  m_LocalScale: {x: 3, y: 3, z: 2}
  m_Children:
  - {fileID: 224687401855550372}
  m_Father: {fileID: 224603024934658588}
  m_RootOrder: 1
  m_LocalEulerAnglesHint: {x: 0, y: 0, z: 0}
  m_AnchorMin: {x: 0.5, y: 0.5}
  m_AnchorMax: {x: 0.5, y: 0.5}
  m_AnchoredPosition: {x: 0, y: 39}
  m_SizeDelta: {x: 119.1, y: 15.4}
  m_Pivot: {x: 0.5, y: 0.5}
--- !u!224 &224603024934658588
RectTransform:
  m_ObjectHideFlags: 1
  m_PrefabParentObject: {fileID: 0}
  m_PrefabInternal: {fileID: 100100000}
  m_GameObject: {fileID: 1279684191533024}
  m_LocalRotation: {x: -0, y: -0, z: -0, w: 1}
  m_LocalPosition: {x: 0, y: 0, z: 0}
  m_LocalScale: {x: 0.0074999994, y: 0.0074999994, z: 0.0074999994}
  m_Children:
  - {fileID: 224989240056386870}
  - {fileID: 224315702278401708}
  - {fileID: 224293953963089578}
  m_Father: {fileID: 4906011169046202}
  m_RootOrder: 0
  m_LocalEulerAnglesHint: {x: 0, y: 0, z: 0}
  m_AnchorMin: {x: 0, y: 0}
  m_AnchorMax: {x: 0, y: 0}
  m_AnchoredPosition: {x: 0, y: 5.93}
  m_SizeDelta: {x: 325.72, y: 77.83}
  m_Pivot: {x: 0.5, y: 0.5}
--- !u!224 &224687401855550372
RectTransform:
  m_ObjectHideFlags: 1
  m_PrefabParentObject: {fileID: 0}
  m_PrefabInternal: {fileID: 100100000}
  m_GameObject: {fileID: 1182902600220264}
  m_LocalRotation: {x: -0, y: -0, z: -0, w: 1}
  m_LocalPosition: {x: 0, y: 0, z: 0}
  m_LocalScale: {x: 1, y: 1, z: 1}
  m_Children: []
  m_Father: {fileID: 224315702278401708}
  m_RootOrder: 0
  m_LocalEulerAnglesHint: {x: 0, y: 0, z: 0}
  m_AnchorMin: {x: 0.5, y: 0.5}
  m_AnchorMax: {x: 0.5, y: 0.5}
  m_AnchoredPosition: {x: 0.000061035156, y: 0.000011444092}
  m_SizeDelta: {x: 119.1, y: 15.4}
  m_Pivot: {x: 0.5, y: 0.5}
--- !u!224 &224989240056386870
RectTransform:
  m_ObjectHideFlags: 1
  m_PrefabParentObject: {fileID: 0}
  m_PrefabInternal: {fileID: 100100000}
  m_GameObject: {fileID: 1026481102985296}
  m_LocalRotation: {x: 4.855414e-15, y: 3.5527137e-15, z: 0.000000029802319, w: 1}
  m_LocalPosition: {x: 0, y: 0, z: 0}
  m_LocalScale: {x: 2, y: 2, z: 2}
  m_Children: []
  m_Father: {fileID: 224603024934658588}
  m_RootOrder: 0
  m_LocalEulerAnglesHint: {x: 0, y: 0, z: 0}
  m_AnchorMin: {x: 1, y: 1}
  m_AnchorMax: {x: 1, y: 1}
  m_AnchoredPosition: {x: -163, y: 42}
  m_SizeDelta: {x: 400, y: 36.9}
  m_Pivot: {x: 0.5, y: 0.5}
--- !u!225 &225578468488793046
CanvasGroup:
  m_ObjectHideFlags: 1
  m_PrefabParentObject: {fileID: 0}
  m_PrefabInternal: {fileID: 100100000}
  m_GameObject: {fileID: 1279684191533024}
  m_Enabled: 1
  m_Alpha: 0
  m_Interactable: 0
  m_BlocksRaycasts: 0
  m_IgnoreParentGroups: 0
